<?xml version="1.0" encoding="UTF-8"?><record xmlns="http://www.loc.gov/MARC21/slim" xmlns:cinclude="http://apache.org/cocoon/include/1.0" xmlns:zs="http://www.loc.gov/zing/srw/">
  <leader>00485nz  a2200145n  4500</leader>
  <controlfield tag="001">no2004111139</controlfield>
  <controlfield tag="003">DLC</controlfield>
  <controlfield tag="005">20041116051917.0</controlfield>
  <controlfield tag="008">041115n| acannaabn          |a aaa     c</controlfield>
  <datafield tag="010" ind1=" " ind2=" ">
    <subfield code="a">no2004111139</subfield>
  </datafield>
  <datafield tag="035" ind1=" " ind2=" ">
    <subfield code="a">(OCoLC)oca06494782</subfield>
  </datafield>
  <datafield tag="040" ind1=" " ind2=" ">
    <subfield code="a">SaPrUSA</subfield>
    <subfield code="b">eng</subfield>
    <subfield code="c">SaPrUSA</subfield>
  </datafield>
  <datafield tag="100" ind1="1" ind2=" ">
    <subfield code="a">Hinderberger-Burton, Tania Elisabeth Irene</subfield>
  </datafield>
  <datafield tag="400" ind1="1" ind2=" ">
    <subfield code="a">Burton, Tania Elisabeth Irene Hinderberger-</subfield>
  </datafield>
  <datafield tag="670" ind1=" " ind2=" ">
    <subfield code="a">Elias Canetti: Die Blendung: eine Analyse, 1982:</subfield>
    <subfield code="b">t.p. (Tania Elisabeth Irene Hinderberger-Burton)</subfield>
  </datafield>
</record>